<?xml version="1.0" encoding="UTF-8"?><collection xmlns="http://www.loc.gov/MARC21/slim"><record><leader>00423nam--2200169-i-4500</leader><controlfield tag="001">000031153</controlfield><controlfield tag="002">20161230</controlfield><controlfield tag="005">20161230201038</controlfield><controlfield tag="008">060222s1000------------r-----000-0-eng-d</controlfield><datafield ind1=" " ind2=" " tag="040"><subfield code="a">IFIN-HH</subfield></datafield><datafield ind1=" " ind2=" " tag="080"><subfield code="a">537.2</subfield></datafield><datafield ind1="1" ind2=" " tag="100"><subfield code="a">Loeb, Leonard B</subfield></datafield><datafield ind1="1" ind2="0" tag="245"><subfield code="a">Static electrification</subfield><subfield code="c">Leonard b. loeb</subfield></datafield><datafield ind1=" " ind2=" " tag="260"><subfield code="a">Berlin</subfield><subfield code="b">Springer-verlag</subfield><subfield code="c">1958</subfield></datafield><datafield ind1=" " ind2=" " tag="300"><subfield code="a">XII+240P</subfield></datafield><datafield ind1=" " ind2=" " tag="852"><subfield code="a">28526</subfield><subfield code="c">537:538</subfield></datafield><datafield ind1=" " ind2=" " tag="CAT"><subfield code="a">Sys</subfield><subfield code="c">20110614</subfield><subfield code="h">161703</subfield></datafield></record></collection>